Exmaple entry
https://eprint.iacr.org/2015/1125.pdf
@inproceedings{practical-ore,
	author="Chenette, Nathan and Lewi, Kevin and Weis, Stephen A. and Wu, David J.",
	title="Practical Order-Revealing Encryption with Limited Leakage",
	booktitle="Fast Software Encryption",
	year="2016",
	publisher="Springer Berlin Heidelberg",
	pages="474--493"
}
