@inproceedings{access-pattern-disclosure,
  author    = {Mohammad Saiful Islam and Mehmet Kuzu and Murat Kantarcioglu},
  title     = {Access Pattern disclosure on Searchable Encryption: Ramification, Attack and Mitigation},
  booktitle = {19th Annual Network and Distributed System Security Symposium, {NDSS} 2012, San Diego, California, USA, February 5-8, 2012},
  publisher = {The Internet Society},
  year      = {2012}
}

@article{accuracy-dp-histograms,
  author    = {Hay, Michael and Rastogi, Vibhor and Miklau, Gerome and Suciu, Dan},
  title     = {Boosting the Accuracy of Differentially Private Histograms through Consistency},
  year      = {2010},
  publisher = {VLDB Endowment},
  volume    = {3},
  number    = {1--2},
  doi       = {10.14778/1920841.1920970},
  journal   = {Proc. VLDB Endow.},
  month     = sep,
  pages     = {1021--1032},
  numpages  = {12}
}

@inproceedings{adam-ore-v2,
  author    = {Cash, David and Liu, Feng-Hao and O'Neill, Adam and Zhandry, Mark and Zhang, Cong},
  title     = {Parameter-Hiding Order Revealing Encryption},
  booktitle = {Advances in Cryptology -- ASIACRYPT 2018},
  year      = {2018},
  publisher = {Springer International Publishing},
  pages     = {181--210}
}

@misc{aes-nist,
  author    = {Morris Dworkin and Elaine Barker and James Nechvatal and James Foti and Lawrence Bassham and E. Roback and James Dray},
  title     = {Advanced Encryption Standard (AES)},
  year      = {2001},
  publisher = {Federal Inf. Process. Stds. (NIST FIPS), National Institute of Standards and Technology, Gaithersburg, MD},
  doi       = {10.6028/NIST.FIPS.197},
  language  = {en}
}

@misc{anonymized-b-plus-tree,
  howpublished = {\url{https://anonymous.4open.science/r/9553f8ba-a691-4eb3-9902-216fe58e9458/}},
  note         = {Accessed: 2020-09-13},
  title        = {{Anonymized Repository for B+ tree}}
}

@misc{anonymized-datasets,
  howpublished = {\url{http://128.197.11.70/dp-oram/}},
  note         = {Accessed: 2021-01-24},
  title        = {{Original and procesed datasets used in this paper}},
  author       = {Anonymous Authors}
}

@misc{anonymized-epsolute,
  howpublished = {\url{https://anonymous.4open.science/r/dba28285-17ae-42ce-b420-345a9c63a39c/}},
  note         = {Accessed: 2020-09-13},
  title        = {{Anonymized Repository for \epsolute{}}}
}

@misc{anonymized-experiments-scripts,
  howpublished = {\url{https://anonymous.4open.science/r/84d7e1f0-3bec-48d6-8116-f538a0d3926a/}},
  note         = {Accessed: 2020-09-13},
  title        = {{Anonymized Repository for experiments scripts}}
}

@misc{anonymized-path-oram,
  howpublished = {\url{https://anonymous.4open.science/r/3b5dec44-80b6-4ac1-a2e0-e916ce05eb5a/}},
  note         = {Accessed: 2020-09-13},
  title        = {{Anonymized Repository for PathORAM}}
}

@misc{anonymized-wiki,
  author       = {Anonymous Authors},
  title        = {\epsolute{} experiments results and logs},
  year         = {2021},
  publisher    = {GitLab},
  journal      = {GitLab Wiki},
  howpublished = {\url{https://gitlab.com/epsolute/experiments/-/wikis/Experiments}}
}

@article{arbitrary-functions-encrypted,
  title     = {Computing arbitrary functions of encrypted data},
  author    = {Gentry, Craig},
  journal   = {Communications of the ACM},
  volume    = {53},
  number    = {3},
  pages     = {97--105},
  year      = {2010},
  publisher = {ACM New York, NY, USA},
  doi       = {10.1145/1666420.1666444}
}

@article{arx,
  title     = {Arx: an encrypted database using semantically secure encryption},
  author    = {Poddar, Rishabh and Boelter, Tobias and Popa, Raluca Ada},
  journal   = {Proceedings of the VLDB Endowment},
  volume    = {12},
  number    = {11},
  pages     = {1664--1678},
  year      = {2019},
  publisher = {VLDB Endowment},
  doi       = {10.14778/3342263.3342641}
}

@inproceedings{attacks-improved-reconstruction,
  title        = {Improved reconstruction attacks on encrypted data using range query leakage},
  author       = {Lacharit{\'e}, Marie-Sarah and Minaud, Brice and Paterson, Kenneth G},
  booktitle    = {2018 IEEE Symposium on Security and Privacy (SP)},
  pages        = {297--314},
  year         = {2018},
  organization = {IEEE},
  doi          = {10.1109/SP.2018.00002}
}

@article{attacks-tao-of-inference,
  author    = {Bindschaedler, Vincent and Grubbs, Paul and Cash, David and Ristenpart, Thomas and Shmatikov, Vitaly},
  title     = {The Tao of Inference in Privacy-Protected Databases},
  journal   = {PVLDB},
  volume    = {11},
  number    = {11},
  year      = {2018},
  pages     = {1715--1728},
  publisher = {VLDB Endowment},
  doi       = {10.14778/3236187.3236217}
}

@inproceedings{b-tree,
  author    = {Bayer, R. and McCreight, E.},
  title     = {Organization and Maintenance of Large Ordered Indices},
  booktitle = {Proceedings of the 1970 ACM SIGFIDET (Now SIGMOD) Workshop on Data Description, Access and Control},
  series    = {SIGFIDET '70},
  year      = {1970},
  pages     = {107--141},
  publisher = {ACM}
}

@inproceedings{bclo-ope,
  author    = {Boldyreva, Alexandra and Chenette, Nathan and Lee, Younho and O'Neill, Adam},
  title     = {Order-Preserving Symmetric Encryption},
  booktitle = {Advances in Cryptology - EUROCRYPT 2009},
  year      = {2009},
  publisher = {Springer Berlin Heidelberg},
  pages     = {224--241},
  doi       = {10.1007/978-3-642-01001-9_13}
}

@inproceedings{binary-tree-oram,
  title        = {Oblivious RAM with $O(\log^3 N)$ worst-case cost},
  author       = {Shi, Elaine and Chan, T-H Hubert and Stefanov, Emil and Li, Mingfei},
  booktitle    = {International Conference on The Theory and Application of Cryptology and Information Security},
  pages        = {197--214},
  year         = {2011},
  organization = {Springer},
  doi          = {10.1007/978-3-642-25385-0_11}
}

@inproceedings{bogatov-idemix-2020,
  title        = {Anonymous Transactions with Revocation and Auditing in Hyperledger Fabric},
  author       = {Dmytro Bogatov and Angelo De Caro and Kaoutar Elkhiyaoui and Bj√∂rn Tackmann},
  author+an    = {1=highlight},
  year         = {2021},
  booktitle    = {International Conference on Cryptology and Network Security},
  organization = {Springer},
  doi          = {10.1007/978-3-030-92547-5_23}
}

@article{bounds-on-sample-complexity,
  title     = {Bounds on the sample complexity for private learning and private data release},
  author    = {Beimel, Amos and Brenner, Hai and Kasiviswanathan, Shiva Prasad and Nissim, Kobbi},
  journal   = {Machine learning},
  volume    = {94},
  number    = {3},
  pages     = {401--437},
  year      = {2014},
  publisher = {Springer},
  doi       = {10.1007/s10994-013-5404-1}
}

@misc{ca-employees-dataset,
  author = {{Transparent California}},
  title  = {California public pay and pension 2019 dataset},
  year   = {2019},
  note   = {\url{https://transparentcalifornia.com}}
}

@inproceedings{choosing-epsilon,
  title        = {Differential privacy: An economic method for choosing epsilon},
  author       = {Hsu, Justin and Gaboardi, Marco and Haeberlen, Andreas and Khanna, Sanjeev and Narayan, Arjun and Pierce, Benjamin C and Roth, Aaron},
  booktitle    = {2014 IEEE 27th Computer Security Foundations Symposium},
  pages        = {398--410},
  year         = {2014},
  organization = {IEEE},
  doi          = {10.1109/CSF.2014.35}
}

@inproceedings{cipherbase,
  author    = {Arasu, Arvind and Blanas, Spyros and Eguro, Ken and Kaushik, Raghav and Kossmann, Donald and Ramamurthy, Ravi and Venkatesan, Ramarathnam},
  title     = {Orthogonal Security With Cipherbase},
  booktitle = {6th Biennial Conference on Innovative Data Systems Research (CIDR'13)},
  year      = {2013},
  month     = {January}
}

@inproceedings{cipherbase-daas,
  author    = {Arasu, Arvind and Blanas, Spyros and Eguro, Ken and Joglekar, Manas and Kaushik, Raghav and Kossmann, Donald and Ramamurthy, Ravi and Upadhyaya, Prasang and Venkatesan, Ramarathnam},
  title     = {Secure Database-as-a-Service with Cipherbase},
  year      = {2013},
  publisher = {Association for Computing Machinery},
  doi       = {10.1145/2463676.2467797},
  booktitle = {Proceedings of the 2013 ACM SIGMOD International Conference on Management of Data},
  pages     = {1033--1036},
  numpages  = {4},
  series    = {SIGMOD '13}
}

@inproceedings{circuit-oram,
  author    = {Wang, Xiao and Chan, Hubert and Shi, Elaine},
  title     = {Circuit ORAM: On Tightness of the Goldreich-Ostrovsky Lower Bound},
  year      = {2015},
  publisher = {Association for Computing Machinery},
  doi       = {10.1145/2810103.2813634},
  booktitle = {Proceedings of the 22nd ACM SIGSAC Conference on Computer and Communications Security},
  pages     = {850--861},
  series    = {CCS '15}
}

@inproceedings{cloz-ore,
  author    = {Cash, David and Liu, Feng-Hao and O'Neill, Adam and Zhandry, Mark and Zhang, Cong},
  title     = {Parameter-Hiding Order Revealing Encryption},
  booktitle = {Advances in Cryptology -- ASIACRYPT 2018},
  year      = {2018},
  pages     = {181--210}
}

@inproceedings{clww-ore,
  author    = {Chenette, Nathan and Lewi, Kevin and Weis, Stephen A. and Wu, David J.},
  title     = {Practical Order-Revealing Encryption with Limited Leakage},
  booktitle = {Fast Software Encryption},
  year      = {2016},
  publisher = {Springer Berlin Heidelberg},
  pages     = {474--493}
}

@inproceedings{computational-dp,
  title        = {Computational differential privacy},
  author       = {Mironov, Ilya and Pandey, Omkant and Reingold, Omer and Vadhan, Salil},
  booktitle    = {Annual International Cryptology Conference},
  pages        = {126--142},
  year         = {2009},
  organization = {Springer},
  doi          = {10.1007/978-3-642-03356-8_8}
}

@inproceedings{crypt-db,
  title     = {CryptDB: Protecting confidentiality with encrypted query processing},
  author    = {Popa, Raluca Ada and Redfield, Catherine MS and Zeldovich, Nickolai and Balakrishnan, Hari},
  booktitle = {Proceedings of the Twenty-Third ACM Symposium on Operating Systems Principles},
  pages     = {85--100},
  year      = {2011}
}

@inproceedings{crypte,
  title     = {Crypt$\epsilon$: Crypto-assisted differential privacy on untrusted servers},
  author    = {Roy Chowdhury, Amrita and Wang, Chenghong and He, Xi and Machanavajjhala, Ashwin and Jha, Somesh},
  booktitle = {Proceedings of the 2020 ACM SIGMOD International Conference on Management of Data},
  pages     = {603--619},
  year      = {2020},
  doi       = {10.1145/3318464.3380596}
}

@inproceedings{curse-of-last-reducer,
  title     = {Counting triangles and the curse of the last reducer},
  author    = {Suri, Siddharth and Vassilvitskii, Sergei},
  booktitle = {Proceedings of the 20th international conference on World wide web},
  pages     = {607--614},
  year      = {2011},
  doi       = {10.1145/1963405.1963491}
}

@inproceedings{differential-obliviousness,
  author    = {Chan, T-H. Hubert and Chung, Kai-Min and Maggs, Bruce M. and Shi, Elaine},
  title     = {Foundations of Differentially Oblivious Algorithms},
  year      = {2019},
  publisher = {Society for Industrial and Applied Mathematics},
  address   = {USA},
  booktitle = {Proceedings of the Thirtieth Annual ACM-SIAM Symposium on Discrete Algorithms},
  pages     = {2448--2467},
  numpages  = {20},
  location  = {San Diego, California},
  series    = {SODA '19}
}

@inproceedings{differential-obliviousness-followup,
  author    = {Amos Beimel and Kobbi Nissim and Mohammad Zaheri},
  title     = {{Exploring Differential Obliviousness}},
  booktitle = {Approximation, Randomization, and Combinatorial Optimization. Algorithms and Techniques (APPROX/RANDOM 2019)},
  pages     = {65:1--65:20},
  series    = {Leibniz International Proceedings in Informatics (LIPIcs)},
  year      = {2019},
  volume    = {145},
  publisher = {Schloss Dagstuhl--Leibniz-Zentrum fuer Informatik},
  doi       = {10.4230/LIPIcs.APPROX-RANDOM.2019.65}
}

@inproceedings{differential-privacy-original,
  title        = {Calibrating noise to sensitivity in private data analysis},
  author       = {Dwork, Cynthia and McSherry, Frank and Nissim, Kobbi and Smith, Adam},
  booktitle    = {Theory of cryptography conference},
  pages        = {265--284},
  year         = {2006},
  organization = {Springer},
  doi          = {10.1007/11681878_14}
}

@inproceedings{dp-release,
  title        = {Differentially private release and learning of threshold functions},
  author       = {Bun, Mark and Nissim, Kobbi and Stemmer, Uri and Vadhan, Salil},
  booktitle    = {2015 IEEE 56th Annual Symposium on Foundations of Computer Science},
  pages        = {634--649},
  year         = {2015},
  organization = {IEEE},
  doi          = {10.1109/FOCS.2015.45}
}

@inproceedings{dp-under-observation,
  title     = {Differential privacy under continual observation},
  author    = {Dwork, Cynthia and Naor, Moni and Pitassi, Toniann and Rothblum, Guy N},
  booktitle = {Proceedings of the forty-second ACM symposium on Theory of computing},
  pages     = {715--724},
  year      = {2010},
  doi       = {10.1145/1806689.1806787}
}

@article{dp-wavelet,
  title     = {Differential privacy via wavelet transforms},
  author    = {Xiao, Xiaokui and Wang, Guozhang and Gehrke, Johannes},
  journal   = {IEEE Transactions on knowledge and data engineering},
  volume    = {23},
  number    = {8},
  pages     = {1200--1214},
  year      = {2010},
  publisher = {IEEE},
  doi       = {10.1109/TKDE.2010.247}
}

@article{emd,
  title     = {The earth mover's distance as a metric for image retrieval},
  author    = {Rubner, Yossi and Tomasi, Carlo and Guibas, Leonidas J},
  journal   = {International journal of computer vision},
  volume    = {40},
  number    = {2},
  pages     = {99--121},
  year      = {2000},
  publisher = {Springer}
}

@misc{emp-toolkit,
  author       = {Xiao Wang and Alex J. Malozemoff and Jonathan Katz},
  title        = {{EMP-toolkit: Efficient MultiParty computation toolkit}},
  howpublished = {\url{https://github.com/emp-toolkit}},
  year         = {2016}
}

@inproceedings{enclave-db,
  title        = {EnclaveDB: A secure database using SGX},
  author       = {Priebe, Christian and Vaswani, Kapil and Costa, Manuel},
  booktitle    = {2018 IEEE Symposium on Security and Privacy (SP)},
  pages        = {264--278},
  year         = {2018},
  organization = {IEEE},
  doi          = {10.1109/SP.2018.00025}
}

@article{encrypted-range-queries-trade-off,
  title        = {Efficiency and security trade-off in supporting range queries on encrypted databases},
  author       = {Li, Jun and Omiecinski, Edward R},
  booktitle    = {IFIP Annual Conference on Data and Applications Security and Privacy},
  pages        = {69--83},
  year         = {2005},
  organization = {Springer},
  doi          = {10.1007/11535706_6}
}

@inproceedings{epsolute,
  title     = {$\mathcal{E}\text{psolute}$: Efficiently Querying Databases While Providing Differential Privacy},
  author    = {Dmytro Bogatov and Georgios Kellaris and George Kollios and Kobbi Nissim and Adam O'Neill},
  year      = {2021},
  author+an = {1=highlight},
  booktitle = {Proceedings of the 2021 ACM SIGSAC Conference on Computer and Communications Security (CCS '2021)},
  doi       = {10.1145/3460120.3484786}
}

@misc{experiments-wiki,
  author       = {Dmytro Bogatov},
  title        = {\epsolute{} experiments results and logs},
  year         = {2021},
  publisher    = {GitLab},
  journal      = {GitLab Wiki},
  howpublished = {\url{https://gitlab.com/epsolute/experiments/-/wikis/Experiments}}
}

@article{faiss,
  title   = {Billion-scale similarity search with GPUs},
  author  = {Johnson, Jeff and Douze, Matthijs and J{\'e}gou, Herv{\'e}},
  journal = {arXiv preprint arXiv:1702.08734},
  year    = {2017}
}

@inproceedings{fh-ope,
  author    = {Kerschbaum, Florian},
  title     = {Frequency-Hiding Order-Preserving Encryption},
  booktitle = {Proceedings of the 22Nd ACM SIGSAC Conference on Computer and Communications Security},
  year      = {2015},
  pages     = {656--667},
  publisher = {ACM}
}

@inproceedings{fhe,
  author    = {Gentry, Craig},
  title     = {Fully Homomorphic Encryption Using Ideal Lattices},
  year      = {2009},
  publisher = {Association for Computing Machinery},
  doi       = {10.1145/1536414.1536440},
  booktitle = {Proceedings of the Forty-First Annual ACM Symposium on Theory of Computing},
  pages     = {169--178},
  series    = {STOC '09}
}

@inproceedings{florian-protocol,
  author    = {Kerschbaum, Florian and Tueno, Anselme},
  title     = {An Efficiently Searchable Encrypted Data Structure for Range Queries},
  booktitle = {Computer Security -- ESORICS 2019},
  year      = {2019},
  publisher = {Springer International Publishing},
  pages     = {344--364}
}

@inproceedings{fully-homomorphic-encryption,
  title        = {Computing blindfolded: New developments in fully homomorphic encryption},
  author       = {Vaikuntanathan, Vinod},
  booktitle    = {2011 IEEE 52nd Annual Symposium on Foundations of Computer Science},
  pages        = {5--16},
  year         = {2011},
  organization = {IEEE},
  doi          = {10.1109/FOCS.2011.98}
}

@inproceedings{functional-encryption,
  author    = {Boneh, Dan and Sahai, Amit and Waters, Brent},
  title     = {Functional Encryption: Definitions and Challenges},
  booktitle = {Theory of Cryptography},
  year      = {2011},
  publisher = {Springer Berlin Heidelberg},
  pages     = {253--273}
}

@inproceedings{generic-attacks-kellaris,
  title     = {Generic attacks on secure outsourced databases},
  author    = {Kellaris, Georgios and Kollios, George and Nissim, Kobbi and O'neill, Adam},
  booktitle = {Proceedings of the 2016 ACM SIGSAC Conference on Computer and Communications Security},
  pages     = {1329--1340},
  year      = {2016},
  doi       = {10.1145/2976749.2978386}
}

@misc{github-b-plus-tree,
  author       = {Dmytro Bogatov},
  title        = {B+ tree (static)},
  year         = {2021},
  publisher    = {GitHub},
  journal      = {GitHub repository},
  howpublished = {\url{https://github.com/epsolute/b-plus-tree}},
  commit       = {28f521b43782898ed0aa31fba3c509969ce0114f}
}

@misc{github-epsolute,
  author       = {Dmytro Bogatov},
  title        = {\epsolute{}},
  year         = {2021},
  publisher    = {GitHub},
  journal      = {GitHub repository},
  howpublished = {\url{https://github.com/epsolute/epsolute}},
  commit       = {fd4fa8f5ddb48070e581737afd81f3bfd6d1b051}
}

@misc{github-path-oram,
  author       = {Dmytro Bogatov},
  title        = {PathORAM},
  year         = {2021},
  publisher    = {GitHub},
  journal      = {GitHub repository},
  howpublished = {\url{https://github.com/epsolute/path-oram}},
  commit       = {c40b056079ab7377e71fac5f1d3c773e568f8610}
}

@inproceedings{grubbs-attacks,
  author    = {Grubbs, Paul and Ristenpart, Thomas and Shmatikov, Vitaly},
  title     = {Why Your Encrypted Database Is Not Secure},
  booktitle = {Proceedings of the 16th Workshop on Hot Topics in Operating Systems},
  year      = {2017},
  pages     = {162--168},
  publisher = {ACM},
  doi       = {10.1145/3102980.3103007}
}

@inproceedings{hardidx,
  title        = {HardIDX: Practical and secure index with SGX},
  author       = {Fuhry, Benny and Bahmani, Raad and Brasser, Ferdinand and Hahn, Florian and Kerschbaum, Florian and Sadeghi, Ahmad-Reza},
  booktitle    = {IFIP Annual Conference on Data and Applications Security and Privacy},
  pages        = {386--408},
  year         = {2017},
  organization = {Springer},
  doi          = {10.1007/978-3-319-61176-1_22}
}

@article{hermetic,
  title  = {Hermetic: Privacy-preserving distributed analytics without (most) side channels},
  author = {Xu, Min and Papadimitriou, Antonis and Haeberlen, Andreas and Feldman, Ariel},
  year   = {2019}
}

@article{hierarchical-methods-for-dp,
  title     = {Understanding hierarchical methods for differentially private histograms},
  author    = {Qardaji, Wahbeh and Yang, Weining and Li, Ninghui},
  journal   = {Proceedings of the VLDB Endowment},
  volume    = {6},
  number    = {14},
  pages     = {1954--1965},
  year      = {2013},
  publisher = {VLDB Endowment},
  doi       = {10.14778/2556549.2556576}
}

@inproceedings{hybr-idx,
  author    = {Ren, Kui and Guo, Yu and Li, Jiaqi and Jia, Xiaohua and Wang, Cong and Zhou, Yajin and Wang, Sheng and Cao, Ning and Li, Feifei},
  booktitle = {2020 IEEE 40th International Conference on Distributed Computing Systems (ICDCS)},
  title     = {HybrIDX: New Hybrid Index for Volume-hiding Range Queries in Data Outsourcing Services},
  year      = {2020},
  pages     = {23-33},
  doi       = {10.1109/ICDCS47774.2020.00014}
}

@inproceedings{ideal-ope,
  title        = {An ideal-security protocol for order-preserving encoding},
  author       = {Popa, Raluca Ada and Li, Frank H and Zeldovich, Nickolai},
  booktitle    = {2013 IEEE Symposium on Security and Privacy},
  pages        = {463--477},
  year         = {2013},
  organization = {IEEE},
  doi          = {10.1109/SP.2013.38}
}

@inproceedings{inference-attack-islam-14,
  title     = {Inference attack against encrypted range queries on outsourced databases},
  author    = {Islam, Mohammad Saiful and Kuzu, Mehmet and Kantarcioglu, Murat},
  booktitle = {Proceedings of the 4th ACM conference on Data and application security and privacy},
  pages     = {235--246},
  year      = {2014},
  doi       = {10.1145/2557547.2557561}
}

@inproceedings{inference-attacks-naveed-15,
  title     = {Inference attacks on property-preserving encrypted databases},
  author    = {Naveed, Muhammad and Kamara, Seny and Wright, Charles V},
  booktitle = {Proceedings of the 22nd ACM SIGSAC Conference on Computer and Communications Security},
  pages     = {644--655},
  year      = {2015},
  doi       = {10.1145/2810103.2813651}
}

@article{k-anonymity,
  title     = {k-anonymity: A model for protecting privacy},
  author    = {Sweeney, Latanya},
  journal   = {International Journal of Uncertainty, Fuzziness and Knowledge-Based Systems},
  volume    = {10},
  number    = {05},
  pages     = {557--570},
  year      = {2002},
  publisher = {World Scientific}
}

@misc{kamara-encrypted-search-presentation,
  title  = {How to Search on Encrypted Data},
  author = {Kamara, Seny},
  year   = {2015},
  note   = {{https://cs.brown.edu/~seny/slides/encryptedsearch-full.pdf}}
}

@inproceedings{kerschbaum-tueno,
  title        = {An efficiently searchable encrypted data structure for range queries},
  author       = {Kerschbaum, Florian and Tueno, Anselme},
  booktitle    = {European Symposium on Research in Computer Security},
  pages        = {344--364},
  year         = {2019},
  organization = {Springer},
  doi          = {10.1007/978-3-030-29962-0_17}
}

@inproceedings{knn-attacks,
  author    = {Kornaropoulos, Evgenios M. and Papamanthou, Charalampos and Tamassia, Roberto},
  booktitle = {2019 IEEE Symposium on Security and Privacy (SP)},
  title     = {Data Recovery on Encrypted Databases with k-Nearest Neighbor Query Leakage},
  year      = {2019},
  pages     = {1033-1050},
  doi       = {10.1109/SP.2019.00015}
}

@article{l-diversity,
  title     = {l-diversity: Privacy beyond k-anonymity},
  author    = {Machanavajjhala, Ashwin and Kifer, Daniel and Gehrke, Johannes and Venkitasubramaniam, Muthuramakrishnan},
  journal   = {ACM Transactions on Knowledge Discovery from Data (TKDD)},
  volume    = {1},
  number    = {1},
  pages     = {3--es},
  year      = {2007},
  publisher = {ACM New York, NY, USA}
}

@inproceedings{leakage-abuse-attacks-cash-15,
  title     = {Leakage-abuse attacks against searchable encryption},
  author    = {Cash, David and Grubbs, Paul and Perry, Jason and Ristenpart, Thomas},
  booktitle = {Proceedings of the 22nd ACM SIGSAC conference on computer and communications security},
  pages     = {668--679},
  year      = {2015},
  doi       = {10.1145/2810103.2813700}
}

@inproceedings{lewi-wu-ore,
  title     = {Order-revealing encryption: New constructions, applications, and lower bounds},
  author    = {Lewi, Kevin and Wu, David J},
  booktitle = {Proceedings of the 2016 ACM SIGSAC Conference on Computer and Communications Security},
  pages     = {1167--1178},
  year      = {2016},
  doi       = {10.1145/2976749.2978376}
}

@misc{modes-of-operation-nist,
  author    = {Morris Dworkin},
  title     = {Recommendation for Block Cipher Modes of Operation: Methods and Techniques},
  year      = {2001},
  publisher = {Federal Inf. Process. Stds. (NIST FIPS), National Institute of Standards and Technology, Gaithersburg, MD},
  doi       = {10.6028/NIST.SP.800-38A},
  language  = {en}
}

@misc{mssql-always-enc,
  author       = {{Microsoft}},
  title        = {{MS-SQL Always Encrypted}},
  howpublished = {\url{https://docs.microsoft.com/sql/relational-databases/security/encryption/always-encrypted-database-engine}},
  year         = {2021}
}

@inproceedings{multi-dim-enc-range-queries,
  title        = {Multi-dimensional range query over encrypted data},
  author       = {Shi, Elaine and Bethencourt, John and Chan, TH Hubert and Song, Dawn and Perrig, Adrian},
  booktitle    = {2007 IEEE Symposium on Security and Privacy (SP'07)},
  pages        = {350--364},
  year         = {2007},
  organization = {IEEE},
  doi          = {10.1109/SP.2007.29}
}

@inproceedings{multi-server-orams,
  author    = {Larsen, Kasper Green and Simkin, Mark and Yeo, Kevin},
  title     = {Lower Bounds for Multi-server Oblivious RAMs},
  booktitle = {Theory of Cryptography},
  year      = {2020},
  publisher = {Springer International Publishing},
  pages     = {486--503},
  doi       = {10.1007/978-3-030-64375-1_17}
}

@article{multidimensional-range-queries,
  title   = {Secure multidimensional range queries over outsourced data},
  author  = {Hore, Bijit and Mehrotra, Sharad and Canim, Mustafa and Kantarcioglu, Murat},
  journal = {VLDBJ},
  volume  = {21},
  number  = {3},
  pages   = {333--358},
  year    = {2012},
  doi     = {10.1007/s00778-011-0245-7}
}

@inproceedings{multiplicative-weights,
  title        = {A multiplicative weights mechanism for privacy-preserving data analysis},
  author       = {Hardt, Moritz and Rothblum, Guy N},
  booktitle    = {Foundations of Computer Science (FOCS), 2010 51st Annual IEEE Symposium on},
  pages        = {61--70},
  year         = {2010},
  organization = {IEEE},
  doi          = {10.1109/FOCS.2010.85}
}

@misc{nist-aes,
  author    = {Morris Dworkin and Elaine Barker and James Nechvatal and James Foti and Lawrence Bassham and E. Roback and James Dray},
  title     = {Advanced Encryption Standard (AES)},
  year      = {2001},
  publisher = {Federal Inf. Process. Stds. (NIST FIPS), National Institute of Standards and Technology, Gaithersburg, MD},
  doi       = {10.6028/NIST.FIPS.197}
}

@misc{nist-hash,
  author    = {National Institute of Standards and Technology},
  title     = {Secure Hash Standard (SHS)},
  year      = {2015},
  publisher = {Federal Inf. Process. Stds. (NIST FIPS), National Institute of Standards and Technology, Gaithersburg, MD},
  doi       = {10.6028/NIST.FIPS.180-4}
}

@misc{nist-modes,
  author    = {Morris Dworkin},
  title     = {Recommendation for Block Cipher Modes of Operation: Methods and Techniques},
  year      = {2001},
  publisher = {Federal Inf. Process. Stds. (NIST FIPS), National Institute of Standards and Technology, Gaithersburg, MD},
  doi       = {10.6028/NIST.SP.800-38A}
}

@article{non-interactive-database-privacy,
  title     = {A learning theory approach to non-interactive database privacy},
  author    = {Blum, Avrim and Ligett, Katrina and Roth, Aaron},
  journal   = {Journal of the ACM (JACM)},
  volume    = {60},
  number    = {2},
  pages     = {1--25},
  year      = {2013},
  publisher = {ACM New York, NY, USA},
  doi       = {10.1145/1374376.1374464}
}

@article{o-nram,
  author    = {Dachman-Soled, Dana and Liu, Chang and Papamanthou, Charalampos and Shi, Elaine and Vishkin, Uzi},
  title     = {Oblivious Network RAM and Leveraging Parallelism to Achieve Obliviousness},
  year      = {2019},
  publisher = {Springer-Verlag},
  volume    = {32},
  number    = {3},
  journal   = {Journal of Cryptology},
  pages     = {941--972},
  doi       = {10.1007/s00145-018-9301-4}
}

@article{oblidb,
  title     = {{ObliDB: Oblivious query processing for secure databases}},
  author    = {Eskandarian, Saba and Zaharia, Matei},
  journal   = {PVLDB},
  year      = {2019},
  volume    = {13},
  number    = {2},
  pages     = {169--183},
  publisher = {VLDB Endowment},
  doi       = {10.14778/3364324.3364331}
}

@inproceedings{oblix,
  title        = {Oblix: An efficient oblivious search index},
  author       = {Mishra, Pratyush and Poddar, Rishabh and Chen, Jerry and Chiesa, Alessandro and Popa, Raluca Ada},
  booktitle    = {2018 IEEE Symposium on Security and Privacy (SP)},
  pages        = {279--296},
  year         = {2018},
  organization = {IEEE},
  doi          = {10.1109/SP.2018.00045}
}

@inproceedings{opaque,
  title     = {Opaque: An oblivious and encrypted distributed analytics platform},
  author    = {Zheng, Wenting and Dave, Ankur and Beekman, Jethro G and Popa, Raluca Ada and Gonzalez, Joseph E and Stoica, Ion},
  booktitle = {14th USENIX Symposium on Networked Systems Design and Implementation (NSDI '17)},
  pages     = {283--298},
  year      = {2017}
}

@inproceedings{ope-original,
  title     = {Order preserving encryption for numeric data},
  author    = {Agrawal, Rakesh and Kiernan, Jerry and Srikant, Ramakrishnan and Xu, Yirong},
  booktitle = {Proceedings of the 2004 ACM SIGMOD international conference on Management of data},
  pages     = {563--574},
  year      = {2004},
  doi       = {10.1145/1007568.1007632}
}

@misc{oracle-tde,
  author       = {{Oracle}},
  title        = {{Introduction to Transparent Data Encryption}},
  howpublished = {\url{https://docs.oracle.com/database/121/ASOAG/introduction-to-transparent-data-encryption.htm}},
  year         = {2021}
}

@article{oram-original,
  title     = {Software protection and simulation on oblivious RAMs},
  author    = {Goldreich, Oded and Ostrovsky, Rafail},
  journal   = {Journal of the ACM (JACM)},
  volume    = {43},
  number    = {3},
  pages     = {431--473},
  year      = {1996},
  publisher = {ACM New York, NY, USA},
  doi       = {10.1145/233551.233553}
}

@inproceedings{oram-survey-feifei,
  title     = {Oblivious RAM: A dissection and experimental evaluation},
  author    = {Chang, Zhao and Xie, Dong and Li, Feifei},
  journal   = {Proceedings of the VLDB Endowment},
  volume    = {9},
  number    = {12},
  pages     = {1113--1124},
  year      = {2016},
  publisher = {VLDB Endowment},
  doi       = {10.14778/2994509.2994528}
}

@inproceedings{oram-theory,
  title     = {Towards a theory of software protection and simulation by oblivious RAMs},
  author    = {Goldreich, Oded},
  booktitle = {Proceedings of the nineteenth annual ACM symposium on Theory of computing},
  pages     = {182--194},
  year      = {1987},
  doi       = {10.1145/28395.28416}
}

@article{ore-benchmark-17,
  title     = {A comparative evaluation of order-revealing encryption schemes and secure range-query protocols},
  author    = {Bogatov, Dmytro and Kollios, George and Reyzin, Leonid},
  author+an = {1=highlight},
  journal   = {Proceedings of the VLDB Endowment},
  volume    = {12},
  number    = {8},
  pages     = {933--947},
  year      = {2019},
  publisher = {VLDB Endowment},
  doi       = {10.14778/3324301.3324309}
}

@inproceedings{ore-original,
  title        = {Semantically secure order-revealing encryption: Multi-input functional encryption without obfuscation},
  author       = {Boneh, Dan and Lewi, Kevin and Raykova, Mariana and Sahai, Amit and Zhandry, Mark and Zimmerman, Joe},
  booktitle    = {Annual International Conference on the Theory and Applications of Cryptographic Techniques},
  pages        = {563--594},
  year         = {2015},
  organization = {Springer},
  doi          = {10.1007/978-3-662-46803-6_19}
}

@inproceedings{our-data-ourselves,
  title        = {Our data, ourselves: Privacy via distributed noise generation},
  author       = {Dwork, Cynthia and Kenthapadi, Krishnaram and McSherry, Frank and Mironov, Ilya and Naor, Moni},
  booktitle    = {Annual International Conference on the Theory and Applications of Cryptographic Techniques},
  pages        = {486--503},
  year         = {2006},
  organization = {Springer},
  doi          = {10.1007/11761679_29}
}

@misc{our-datasets,
  howpublished = {\url{http://csr.bu.edu/dp-oram/}},
  note         = {Accessed: 2021-01-24},
  year         = {2021},
  title        = {{Original and procesed datasets used in this paper}},
  author       = {Dmytro Bogatov}
}

@inproceedings{parallel-oram,
  title        = {Oblivious parallel RAM and applications},
  author       = {Boyle, Elette and Chung, Kai-Min and Pass, Rafael},
  booktitle    = {Theory of Cryptography Conference},
  pages        = {175--204},
  year         = {2016},
  organization = {Springer},
  doi          = {10.1007/978-3-662-49099-0_7}
}

@inproceedings{parallel-oram-improved,
  author    = {Chen, Binyi and Lin, Huijia and Tessaro, Stefano},
  editor    = {Kushilevitz, Eyal and Malkin, Tal},
  title     = {Oblivious Parallel RAM: Improved Efficiency and Generic Constructions},
  booktitle = {Theory of Cryptography},
  year      = {2016},
  publisher = {Springer Berlin Heidelberg},
  pages     = {205--234},
  doi       = {10.1007/978-3-662-49099-0_8}
}

@inproceedings{parameter-hiding-ore,
  title        = {Parameter-hiding order revealing encryption},
  author       = {Cash, David and Liu, Feng-Hao and O'Neill, Adam and Zhandry, Mark and Zhang, Cong},
  booktitle    = {International Conference on the Theory and Application of Cryptology and Information Security},
  pages        = {181--210},
  year         = {2018},
  organization = {Springer},
  doi          = {10.1007/978-3-030-03326-2_7}
}

@inproceedings{path-oram,
  author    = {Stefanov, Emil and van Dijk, Marten and Shi, Elaine and Fletcher, Christopher and Ren, Ling and Yu, Xiangyao and Devadas, Srinivas},
  title     = {Path ORAM: An Extremely Simple Oblivious RAM Protocol},
  booktitle = {Proceedings of the 2013 ACM SIGSAC Conference on Computer Communications Security},
  year      = {2013},
  pages     = {299--310},
  publisher = {ACM}
}

@inproceedings{pined-rq,
  author    = {Sahin, Cetin and Allard, Tristan and Akbarinia, Reza and El Abbadi, Amr and Pacitti, Esther},
  booktitle = {2018 IEEE 34th International Conference on Data Engineering (ICDE)},
  title     = {A Differentially Private Index for Range Query Processing in Clouds},
  year      = {2018},
  pages     = {857-868},
  doi       = {10.1109/ICDE.2018.00082}
}

@inproceedings{pope,
  author    = {Roche, Daniel S. and Apon, Daniel and Choi, Seung Geol and Yerukhimovich, Arkady},
  title     = {{POPE}: Partial Order Preserving Encoding},
  booktitle = {Proceedings of the 2016 ACM SIGSAC Conference on Computer and Communications Security},
  year      = {2016},
  pages     = {1131--1142},
  publisher = {ACM}
}

@inproceedings{pp-index-range-queries,
  title     = {A privacy-preserving index for range queries},
  author    = {Hore, Bijit and Mehrotra, Sharad and Tsudik, Gene},
  booktitle = {Proceedings of the Thirtieth international conference on Very large data bases-Volume 30},
  pages     = {720--731},
  year      = {2004}
}

@inproceedings{ppqed,
  title        = {Privacy-preserving complex query evaluation over semantically secure encrypted data},
  author       = {Samanthula, Bharath Kumar and Jiang, Wei and Bertino, Elisa},
  booktitle    = {European Symposium on Research in Computer Security},
  pages        = {400--418},
  year         = {2014},
  organization = {Springer},
  doi          = {10.1007/978-3-319-11203-9_23}
}

@inproceedings{practical-ore,
  author    = {Chenette, Nathan and Lewi, Kevin and Weis, Stephen A. and Wu, David J.},
  title     = {Practical Order-Revealing Encryption with Limited Leakage},
  booktitle = {Fast Software Encryption},
  year      = {2016},
  publisher = {Springer Berlin Heidelberg},
  pages     = {474--493}
}

@inproceedings{practical-range-search,
  title     = {Practical private range search revisited},
  author    = {Demertzis, Ioannis and Papadopoulos, Stavros and Papapetrou, Odysseas and Deligiannakis, Antonios and Garofalakis, Minos},
  booktitle = {Proceedings of the 2016 International Conference on Management of Data},
  pages     = {185--198},
  year      = {2016},
  doi       = {10.1145/2882903.2882911}
}

@inproceedings{privacy-aware-enc-search,
  title     = {Efficient privacy-aware search over encrypted databases},
  author    = {Kuzu, Mehmet and Islam, Mohammad Saiful and Kantarcioglu, Murat},
  booktitle = {Proceedings of the 4th ACM Conference on Data and Application Security and Privacy},
  pages     = {249--256},
  year      = {2014},
  doi       = {10.1145/2557547.2557570}
}

@inproceedings{privacy-integrated-queries,
  title     = {Privacy integrated queries: an extensible platform for privacy-preserving data analysis},
  author    = {McSherry, Frank D},
  booktitle = {Proceedings of the 2009 ACM SIGMOD International Conference on Management of data},
  pages     = {19--30},
  year      = {2009},
  doi       = {10.1145/1559845.1559850}
}

@incollection{private-learning-and-sanitization,
  title     = {Private learning and sanitization: Pure vs. approximate differential privacy},
  author    = {Beimel, Amos and Nissim, Kobbi and Stemmer, Uri},
  booktitle = {Approximation, Randomization, and Combinatorial Optimization. Algorithms and Techniques},
  pages     = {363--378},
  year      = {2013},
  publisher = {Springer},
  doi       = {10.1007/978-3-642-40328-6_26}
}

@inproceedings{privately-learning-thresholds,
  title     = {Privately Learning Thresholds: Closing the Exponential Gap},
  author    = {Kaplan, Haim and Ligett, Katrina and Mansour, Yishay and Naor, Moni and Stemmer, Uri},
  booktitle = {Proceedings of Thirty Third Conference on Learning Theory},
  pages     = {2263--2285},
  year      = {2020},
  volume    = {125},
  series    = {Proceedings of Machine Learning Research},
  publisher = {PMLR}
}

@inproceedings{pump-volume-attacks,
  title     = {Pump up the volume: Practical database reconstruction from volume leakage on range queries},
  author    = {Grubbs, Paul and Lacharit{\'e}, Marie-Sarah and Minaud, Brice and Paterson, Kenneth G},
  booktitle = {Proceedings of the 2018 ACM SIGSAC Conference on Computer and Communications Security},
  pages     = {315--331},
  year      = {2018},
  doi       = {10.1145/3243734.3243864}
}

@misc{pums-dataset,
  author = {{U.S. Census Bureau}},
  title  = {American Community Survey Public Use Microdata Sample},
  year   = {2018},
  note   = {\url{https://www.census.gov/programs-surveys/acs/microdata.html}}
}

@inproceedings{querying-enc-tutorial,
  title     = {Querying Encrypted Data (Tutorial)},
  author    = {Arvind Arasu and Ken Eguro and Raghav Kaushik and Ravi Ramamurthy},
  booktitle = {2013 IEEE 29nd International Conference on Data Engineering (ICDE)},
  year      = {2013}
}

@inproceedings{seabed,
  title     = {Big Data Analytics over Encrypted Datasets with Seabed},
  author    = {Antonis Papadimitriou and Ranjita Bhagwan and Nishanth Chandran and Ramachandran Ramjee and Andreas Haeberlen and Harmeet Singh and Abhishek Modi and Saikrishna Badrinarayanan},
  booktitle = {12th {USENIX} Symposium on Operating Systems Design and Implementation ({OSDI} 16)},
  year      = {2016},
  pages     = {587--602},
  publisher = {{USENIX} Association}
}

@inproceedings{seal,
  author    = {Ioannis Demertzis and Dimitrios Papadopoulos and Charalampos Papamanthou and Saurabh Shintre},
  title     = {{SEAL}: Attack Mitigation for Encrypted Databases via Adjustable Leakage},
  booktitle = {29th {USENIX} Security Symposium ({USENIX} Security 20)},
  year      = {2020},
  isbn      = {978-1-939133-17-5},
  pages     = {2433--2450},
  url       = {https://www.usenix.org/conference/usenixsecurity20/presentation/demertzis},
  publisher = {{USENIX} Association}
}

@inproceedings{sgx-1,
  title        = {Innovative technology for CPU based attestation and sealing},
  author       = {Anati, Ittai and Gueron, Shay and Johnson, Simon and Scarlata, Vincent},
  booktitle    = {Proceedings of the 2nd international workshop on hardware and architectural support for security and privacy},
  volume       = {13},
  pages        = {7},
  year         = {2013},
  organization = {Citeseer}
}

@article{sgx-2,
  title   = {Using innovative instructions to create trustworthy software solutions.},
  author  = {Hoekstra, Matthew and Lal, Reshma and Pappachan, Pradeep and Phegade, Vinay and Del Cuvillo, Juan},
  journal = {HASP@ ISCA},
  volume  = {11},
  number  = {10.1145},
  pages   = {2487726--2488370},
  year    = {2013}
}

@article{sgx-3,
  title   = {Innovative instructions and software model for isolated execution.},
  author  = {McKeen, Frank and Alexandrovich, Ilya and Berenzon, Alex and Rozas, Carlos V and Shafi, Hisham and Shanbhogue, Vedvyas and Savagaonkar, Uday R},
  journal = {Hasp@ isca},
  volume  = {10},
  number  = {1},
  year    = {2013}
}

@article{sgx-explained,
  title   = {Intel sgx explained.},
  author  = {Costan, Victor and Devadas, Srinivas},
  journal = {IACR Cryptol. ePrint Arch.},
  volume  = {2016},
  number  = {86},
  pages   = {1--118},
  year    = {2016}
}

@misc{sgx-manual,
  author = {Intel Corporation},
  title  = {Intel¬Æ 64 and IA-32 Architectures Software Developer's Manual},
  month  = {Sep},
  year   = {2015},
  note   = {Volume 3D: System Programming Guide, Part 4}
}

@inproceedings{shortest-path-oram,
  title        = {Practical private shortest path computation based on oblivious storage},
  author       = {Xie, Dong and Li, Guanru and Yao, Bin and Wei, Xuan and Xiao, Xiaokui and Gao, Yunjun and Guo, Minyi},
  booktitle    = {2016 IEEE 32nd International Conference on Data Engineering (ICDE)},
  pages        = {361--372},
  year         = {2016},
  organization = {IEEE}
}

@article{shrinkwrap,
  title     = {Shrinkwrap: efficient sql query processing in differentially private data federations},
  author    = {Bater, Johes and He, Xi and Ehrich, William and Machanavajjhala, Ashwin and Rogers, Jennie},
  journal   = {Proceedings of the VLDB Endowment},
  volume    = {12},
  number    = {3},
  pages     = {307--320},
  year      = {2018},
  publisher = {VLDB Endowment},
  doi       = {10.14778/3291264.3291274}
}

@inproceedings{simultaneous-private-learning,
  title     = {Simultaneous private learning of multiple concepts},
  author    = {Bun, Mark and Nissim, Kobbi and Stemmer, Uri},
  booktitle = {Proceedings of the 2016 ACM Conference on Innovations in Theoretical Computer Science},
  pages     = {369--380},
  year      = {2016},
  doi       = {10.1145/2840728.2840747}
}

@inproceedings{sisospir,
  title        = {Private large-scale databases with distributed searchable symmetric encryption},
  author       = {Ishai, Yuval and Kushilevitz, Eyal and Lu, Steve and Ostrovsky, Rafail},
  booktitle    = {Cryptographers' Track at the RSA Conference},
  pages        = {90--107},
  year         = {2016},
  organization = {Springer},
  doi          = {10.1007/978-3-319-29485-8_6}
}

@article{smcql,
  author     = {Bater, Johes and Elliott, Gregory and Eggen, Craig and Goel, Satyender and Kho, Abel and Rogers, Jennie},
  title      = {SMCQL: Secure Querying for Federated Databases},
  year       = {2017},
  issue_date = {February 2017},
  publisher  = {VLDB Endowment},
  volume     = {10},
  number     = {6},
  journal    = {Proc. VLDB Endow.},
  month      = feb,
  pages      = {673--684},
  numpages   = {12},
  doi        = {10.14778/3055330.3055334}
}

@inproceedings{sql-over-encrypted-data,
  title     = {Executing SQL over encrypted data in the database-service-provider model},
  author    = {Hacig{\"u}m{\"u}{\c{s}}, Hakan and Iyer, Bala and Li, Chen and Mehrotra, Sharad},
  booktitle = {Proceedings of the 2002 ACM SIGMOD international conference on Management of data},
  pages     = {216--227},
  year      = {2002},
  doi       = {10.1145/564691.564717}
}

@inproceedings{sse-improved,
  author    = {Curtmola, Reza and Garay, Juan and Kamara, Seny and Ostrovsky, Rafail},
  title     = {Searchable Symmetric Encryption: Improved Definitions and Efficient Constructions},
  year      = {2006},
  publisher = {Association for Computing Machinery},
  url       = {https://doi.org/10.1145/1180405.1180417},
  doi       = {10.1145/1180405.1180417},
  booktitle = {Proceedings of the 13th ACM Conference on Computer and Communications Security},
  pages     = {79--88},
  series    = {CCS '06}
}

@inproceedings{state-of-uniform,
  title        = {The state of the uniform: attacks on encrypted databases beyond the uniform query distribution},
  author       = {Kornaropoulos, Evgenios M and Papamanthou, Charalampos and Tamassia, Roberto},
  booktitle    = {2020 IEEE Symposium on Security and Privacy (SP)},
  pages        = {1223--1240},
  year         = {2020},
  organization = {IEEE},
  doi          = {10.1109/SP40000.2020.00029}
}

@article{stealth-db,
  title     = {StealthDB: a scalable encrypted database with full SQL query support},
  author    = {Vinayagamurthy, Dhinakaran and Gribov, Alexey and Gorbunov, Sergey},
  journal   = {Proceedings on Privacy Enhancing Technologies},
  volume    = {2019},
  number    = {3},
  pages     = {370--388},
  year      = {2019},
  publisher = {Sciendo},
  doi       = {10.2478/popets-2019-0052}
}

@inproceedings{t-closeness,
  title        = {t-closeness: Privacy beyond k-anonymity and l-diversity},
  author       = {Li, Ninghui and Li, Tiancheng and Venkatasubramanian, Suresh},
  booktitle    = {2007 IEEE 23rd International Conference on Data Engineering},
  pages        = {106--115},
  year         = {2007},
  organization = {IEEE}
}

@inproceedings{taostore,
  title        = {Taostore: Overcoming asynchronicity in oblivious data storage},
  author       = {Sahin, Cetin and Zakhary, Victor and El Abbadi, Amr and Lin, Huijia and Tessaro, Stefano},
  booktitle    = {2016 IEEE Symposium on Security and Privacy (SP)},
  pages        = {198--217},
  year         = {2016},
  organization = {IEEE}
}

@inproceedings{tp-oram,
  title     = {Towards Practical Oblivious {RAM}},
  author    = {Emil Stefanov and Elaine Shi and Dawn Xiaodong Song},
  booktitle = {Network and Distributed System Security Symposium (NDSS)},
  year      = {2012}
}

@article{trusted-db,
  title     = {TrustedDB: A trusted hardware-based database with privacy and data confidentiality},
  author    = {Bajaj, Sumeet and Sion, Radu},
  journal   = {IEEE Transactions on Knowledge and Data Engineering},
  volume    = {26},
  number    = {3},
  pages     = {752--765},
  year      = {2013},
  publisher = {IEEE},
  doi       = {10.1109/TKDE.2013.38}
}

@inproceedings{volume-range-attacks,
  title     = {Encrypted databases: New volume attacks against range queries},
  author    = {Gui, Zichen and Johnson, Oliver and Warinschi, Bogdan},
  booktitle = {Proceedings of the 2019 ACM SIGSAC Conference on Computer and Communications Security},
  pages     = {361--378},
  year      = {2019},
  doi       = {10.1145/3319535.3363210}
}

@inproceedings{yao-circuits,
  author    = {Yao, Andrew Chi-Chih},
  booktitle = {27th Annual Symposium on Foundations of Computer Science (sfcs 1986)},
  title     = {How to generate and exchange secrets},
  year      = {1986},
  volume    = {},
  number    = {},
  pages     = {162-167},
  doi       = {10.1109/SFCS.1986.25}
}

@inproceedings{zerotrace,
  author = {Sasy, Sajin and Gorbunov, Sergey and Fletcher, Christopher},
  year   = {2018},
  month  = {01},
  pages  = {},
  title  = {ZeroTrace : Oblivious Memory Primitives from Intel SGX},
  doi    = {10.14722/ndss.2018.23243}
}
